@article{cai2001小波神经网络及其应用,
  title={小波神经网络及其应用},
  author={蔡念，胡匡祜，李淑宇，苏万芳},
  journal={中国体视学与图像分析},
  number={04},
  pages={51-57},
  year={2001},
}



@inproceedings{gao2016hybrid,
  title={A hybrid wavelet convolution network with sparse-coding for image super-resolution},
  author={Gao, Xing and Xiong, Hongkai},
  booktitle={2016 IEEE International Conference on Image Processing (ICIP)},
  pages={1439--1443},
  year={2016},
  organization={IEEE}
}

@inproceedings{huang2017wavelet,
  title={Wavelet-srnet: A wavelet-based cnn for multi-scale face super resolution},
  author={Huang, Huaibo and He, Ran and Sun, Zhenan and Tan, Tieniu},
  booktitle={Proceedings of the IEEE International Conference on Computer Vision(ICCV)},
  pages={1689--1697},
  year={2017}
}

@article{kumar2017convolutional,
  title={Convolutional neural networks for wavelet domain super resolution},
  author={Kumar, Neeraj and Verma, Ruchika and Sethi, Amit},
  journal={Pattern Recognition Letters},
  volume={90},
  pages={65--71},
  year={2017},
  publisher={Elsevier}
}

@article{zhao2016基于提升小波,
  title={基于提升小波和深度学习的掌纹识别},
  author={赵丹丹，潘新，刘霞，郜晓晶},
  journal={中国体视学与图像分析},
  number={04},
  pages={51-57},
  year={2001},
}

@inproceedings{zhong2018joint,
  title={Joint sub-bands learning with clique structures for wavelet domain super-resolution},
  author={Zhong, Zhisheng and Shen, Tiancheng and Yang, Yibo and Lin, Zhouchen and Zhang, Chao},
  booktitle={Advances in Neural Information Processing Systems},
  pages={165--175},
  year={2018}
}

@inproceedings{deng2019wavelet,
  title={Wavelet Domain Style Transfer for an Effective Perception-distortion Tradeoff in Single Image Super-Resolution},
  author={Deng, Xin and Yang, Ren and Xu, Mai and Dragotti, Pier Luigi},
  booktitle={Proceedings of the IEEE International Conference on Computer Vision},
  pages={3076--3085},
  year={2019}
}