@book{data_structure,
    title={数据结构（c++语言版）},
    author={邓俊辉},
    publisher={清华大学出版社}
}
