@article{yukai,
  title={深度学习的昨天、今天和明天},
  author={余凯，贾磊，陈雨强，徐伟},
  journal={计算机研究与发展},
  volume={50},
  number={9},
  pages={1799-1804},
  year={2013},
}

@book{Goodfellow-et-al-2016,
    title={Deep Learning},
    author={Ian Goodfellow and Yoshua Bengio and Aaron Courville},
    publisher={MIT Press},
    note={\url{http://www.deeplearningbook.org}},
    year={2016}
}

@article{付文博2018深度学习原理及应用综述,
  title={深度学习原理及应用综述},
  author={付文博，孙涛，梁藉，闫宝伟，范福新},
  journal={计算机科学},
  number={s1},
  year={2018},
}


@article{Hinton2006Reducing,
  title={Reducing the dimensionality of data with neural networks.},
  author={Hinton, G. E. and Salakhutdinov, R. R.},
  journal={Science},
  volume={313},
  number={5786},
  pages={504-507},
  year={2006},
}

@article{Warren1943A,
  title={A logical calculus of the ideas immanent in nervous activity},
  author={McCulloch, Warren S and Pitts, Walter},
  journal={The bulletin of mathematical biophysics},
  volume={5},
  number={4},
  pages={115--133},
  year={1943},
  publisher={Springer}
}

@article{Chen2009Sketch2Photo,
  title={Sketch2Photo},
  author={Chen, Tao and Cheng, Ming Ming and Tan, Ping and Shamir, Ariel and Hu, Shi Min},
  journal={Acm Transactions on Graphics},
  volume={28},
  number={5},
  year={2009},
}



@article{Rosenblatt1958Two,
  title={Two Theorems of Statistical Separability in the Perceptron},
  author={Rosenblatt F.},
  year={1958},
}

@article{Casper1988Perceptrons,
  title={An introduction to computational geometry},
  author={Minsky, Marvin and Papert, Seymour},
  journal={Cambridge tiass., HIT},
  year={1969}
}


@article{Rumelhart1986Learning,
  title={Learning representations by back-propagating errors},
  author={Rumelhart, David E. and Hinton, Geoffrey E. and Williams, Ronald J.},
  volume={323},
  number={6088},
  pages={399-421},
  year={1986},
}

@inproceedings{huang2018munit,
  title={Multimodal Unsupervised Image-to-image Translation},
  author={Huang, Xun and Liu, Ming-Yu and Belongie, Serge and Kautz, Jan},
  booktitle={ECCV},
  year={2018}
}

@inproceedings{Goodfellow2014Generative,
  title={Generative adversarial nets},
  author={Goodfellow, Ian J. and Pouget-Abadie, Jean and Mirza, Mehdi and Xu, Bing and Warde-Farley, David and Ozair, Sherjil and Courville, Aaron and Bengio, Yoshua},
  booktitle={International Conference on Neural Information Processing Systems},
  year={2014},
}
