@article{冯桂2000灰度图像边缘检测中的形态学方法,
  title={灰度图像边缘检测中的形态学方法},
  author={冯桂，桂预风，林宗坚},
  journal={遥感信息},
  number={3},
  pages={10-14},
  year={2000},
}

@article{付永庆2005一种基于数学形态学的灰度图像边缘检测算法,
  title={一种基于数学形态学的灰度图像边缘检测算法},
  author={付永庆，王咏胜},
  journal={哈尔滨工程大学学报},
  number={5},
  pages={129-131},
  year={2005},
}

@book{zhang2005图像工程,
  title={图像工程},
  author={章毓晋},
  year={2005},
  publisher={清华大学出版社有限公司}
}

@book{digit_image_Gonzalez,
    title={数字图像处理（第三版）},
    author={Rafael C. Gonzalez，Richard E. Woods},
    publisher={电子工业出版社},
    year={2011.6}
}