@phdthesis{王伊洛EBCOT,
  title={EBCOT中T2编码器的VLSI设计},
  author={王伊洛},
  school={西安电子科技大学},
}

@article{赵锦JPEG2000,
  title={JPEG2000的编码原理及其优缺点},
  author={赵锦,邢长征},
  journal={辽宁工程技术大学学报},
  number={z1},
  pages={192-193},
}

@book{digit_image_Gonzalez,
    title={数字图像处理（第三版）},
    author={Rafael C. Gonzalez，Richard E. Woods},
    publisher={电子工业出版社},
    year={2011.6}
}

@book{digit_image_Gonzalez_matlab,
    title={数字图像处理的MATLAB实现（第2版）},
    author={（美）冈萨雷斯等著，阮秋琦译},
    publisher={清华大学出版社},
    year={2013.4}
}

@article{liufangmin2002JPEG2000,
  title={JPEG2000图像压缩过程及原理概述},
  author={刘方敏，吴永辉，俞建新},
  journal={计算机辅助设计与图形学学报},
  volume={14},
  number={10},
  pages={905-911},
  year={2002},
}

@inproceedings{li2018learning,
  title={Learning convolutional networks for content-weighted image compression},
  author={Li, Mu and Zuo, Wangmeng and Gu, Shuhang and Zhao, Debin and Zhang, David},
  booktitle={Proceedings of the IEEE Conference on Computer Vision and Pattern Recognition},
  pages={3214--3223},
  year={2018}
}

@article{jiang2017end,
  title={An end-to-end compression framework based on convolutional neural networks},
  author={Jiang, Feng and Tao, Wen and Liu, Shaohui and Ren, Jie and Guo, Xun and Zhao, Debin},
  journal={IEEE Transactions on Circuits and Systems for Video Technology},
  volume={28},
  number={10},
  pages={3007--3018},
  year={2017},
  publisher={IEEE}
}

@inproceedings{liu2019feature,
  title={Feature distillation: Dnn-oriented jpeg compression against adversarial examples},
  author={Liu, Zihao and Liu, Qi and Liu, Tao and Xu, Nuo and Lin, Xue and Wang, Yanzhi and Wen, Wujie},
  booktitle={2019 IEEE/CVF Conference on Computer Vision and Pattern Recognition (CVPR)},
  pages={860--868},
  year={2019},
  organization={IEEE}
}

@inproceedings{camposeco2019hybrid,
  title={Hybrid scene compression for visual localization},
  author={Camposeco, Federico and Cohen, Andrea and Pollefeys, Marc and Sattler, Torsten},
  booktitle={Proceedings of the IEEE Conference on Computer Vision and Pattern Recognition},
  pages={7653--7662},
  year={2019}
}

@inproceedings{cheng2019learning,
  title={Learning image and video compression through spatial-temporal energy compaction},
  author={Cheng, Zhengxue and Sun, Heming and Takeuchi, Masaru and Katto, Jiro},
  booktitle={Proceedings of the IEEE Conference on Computer Vision and Pattern Recognition},
  pages={10071--10080},
  year={2019}
}

@inproceedings{mentzer2019practical,
  title={Practical full resolution learned lossless image compression},
  author={Mentzer, Fabian and Agustsson, Eirikur and Tschannen, Michael and Timofte, Radu and Gool, Luc Van},
  booktitle={Proceedings of the IEEE Conference on Computer Vision and Pattern Recognition},
  pages={10629--10638},
  year={2019}
}

@inproceedings{lu2019dvc,
  title={Dvc: An end-to-end deep video compression framework},
  author={Lu, Guo and Ouyang, Wanli and Xu, Dong and Zhang, Xiaoyun and Cai, Chunlei and Gao, Zhiyong},
  booktitle={Proceedings of the IEEE Conference on Computer Vision and Pattern Recognition},
  pages={11006--11015},
  year={2019}
}

@inproceedings{liu2019machine,
  title={Machine vision guided 3d medical image compression for efficient transmission and accurate segmentation in the clouds},
  author={Liu, Zihao and Xu, Xiaowei and Liu, Tao and Liu, Qi and Wang, Yanzhi and Shi, Yiyu and Wen, Wujie and Huang, Meiping and Yuan, Haiyun and Zhuang, Jian},
  booktitle={Proceedings of the IEEE Conference on Computer Vision and Pattern Recognition},
  pages={12687--12696},
  year={2019}
}

@InProceedings{Fu_2019_ICCV,
author = {Fu, Xueyang and Zha, Zheng-Jun and Wu, Feng and Ding, Xinghao and Paisley, John},
title = {JPEG Artifacts Reduction via Deep Convolutional Sparse Coding},
booktitle = {The IEEE International Conference on Computer Vision (ICCV)},
month = {October},
year = {2019}
}

@InProceedings{Agustsson_2019_ICCV,
author = {Agustsson, Eirikur and Tschannen, Michael and Mentzer, Fabian and Timofte, Radu and Gool, Luc Van},
title = {Generative Adversarial Networks for Extreme Learned Image Compression},
booktitle = {The IEEE International Conference on Computer Vision (ICCV)},
month = {October},
year = {2019}
}

@InProceedings{Liu_2019_ICCV,
author = {Liu, Jerry and Wang, Shenlong and Urtasun, Raquel},
title = {DSIC: Deep Stereo Image Compression},
booktitle = {The IEEE International Conference on Computer Vision (ICCV)},
month = {October},
year = {2019}
}

@InProceedings{Choi_2019_ICCV,
author = {Choi, Yoojin and El-Khamy, Mostafa and Lee, Jungwon},
title = {Variable Rate Deep Image Compression With a Conditional Autoencoder},
booktitle = {The IEEE International Conference on Computer Vision (ICCV)},
month = {October},
year = {2019}
}

@InProceedings{Rippel_2019_ICCV,
author = {Rippel, Oren and Nair, Sanjay and Lew, Carissa and Branson, Steve and Anderson, Alexander G. and Bourdev, Lubomir},
title = {Learned Video Compression},
booktitle = {The IEEE International Conference on Computer Vision (ICCV)},
month = {October},
year = {2019}
}

@InProceedings{Djelouah_2019_ICCV,
author = {Djelouah, Abdelaziz and Campos, Joaquim and Schaub-Meyer, Simone and Schroers, Christopher},
title = {Neural Inter-Frame Compression for Video Coding},
booktitle = {The IEEE International Conference on Computer Vision (ICCV)},
month = {October},
year = {2019}
}

@InProceedings{Habibian_2019_ICCV,
author = {Habibian, Amirhossein and Rozendaal, Ties van and Tomczak, Jakub M. and Cohen, Taco S.},
title = {Video Compression With Rate-Distortion Autoencoders},
booktitle = {The IEEE International Conference on Computer Vision (ICCV)},
month = {October},
year = {2019}
}

@InProceedings{Xu_2019_ICCV,
author = {Xu, Yi and Gao, Longwen and Tian, Kai and Zhou, Shuigeng and Sun, Huyang},
title = {Non-Local ConvLSTM for Video Compression Artifact Reduction},
booktitle = {The IEEE International Conference on Computer Vision (ICCV)},
month = {October},
year = {2019}
}