@article{zou2020非均匀光照,
  title={非均匀光照条件下的水下图像增强算法},
  author={邹立，卢俊彦，胡易，赵猛，高正中，程学珍},
  journal={山东科技大学学报（自然科学版）},
  volume={39},
  number={02},
  year={2020}
}

@article{lin2020基于优势特征图像融合的水下光学图像增强,
  title={基于优势特征图像融合的水下光学图像增强},
  author={林森，迟凯晨，李文涛，唐延东},
  journal={光子学报},
  volume={49},
  number={3},
  year={2020},
}

@article{lin2020水下图像处理技术,
  title={水下图像处理技术研究综述},
  author={林明星，代成刚，董雪，张东，管志光},
  journal={测控技术:1-14},
  year={2020}
}

@article{song2017基于HSI,
  title={基于HSI色彩空间的低照度图像增强算法},
  author={宋瑞霞，李达，王小春},
  journal={图学学报},
  issue={02期},
  year={2017}
}

@article{he2010single,
  title={Single image haze removal using dark channel prior},
  author={He, Kaiming and Sun, Jian and Tang, Xiaoou},
  journal={IEEE transactions on pattern analysis and machine intelligence},
  volume={33},
  number={12},
  pages={2341--2353},
  year={2010},
  publisher={IEEE}
}

@misc{xu2020learning,
    title={Learning in the Frequency Domain},
    author={Kai Xu and Minghai Qin and Fei Sun and Yuhao Wang and Yen-Kuang Chen and Fengbo Ren},
    year={2020},
    eprint={2002.12416},
    archivePrefix={arXiv},
    primaryClass={cs.CV}
}

@inproceedings{yin2019fourier,
  title={A fourier perspective on model robustness in computer vision},
  author={Yin, Dong and Lopes, Raphael Gontijo and Shlens, Jon and Cubuk, Ekin Dogus and Gilmer, Justin},
  booktitle={Advances in Neural Information Processing Systems},
  pages={13255--13265},
  year={2019}
}

@inproceedings{huang2017wavelet,
  title={Wavelet-srnet: A wavelet-based cnn for multi-scale face super resolution},
  author={Huang, Huaibo and He, Ran and Sun, Zhenan and Tan, Tieniu},
  booktitle={Proceedings of the IEEE International Conference on Computer Vision(ICCV)},
  pages={1689--1697},
  year={2017}
}

@article{fujieda2018wavelet,
  title={Wavelet convolutional neural networks},
  author={Fujieda, Shin and Takayama, Kohei and Hachisuka, Toshiya},
  journal={arXiv preprint arXiv:1805.08620},
  year={2018}
}


@article{cooley1965algorithm,
  title={An algorithm for the machine calculation of complex Fourier series},
  author={Cooley, James W and Tukey, John W},
  journal={Mathematics of computation},
  volume={19},
  number={90},
  pages={297--301},
  year={1965},
  publisher={JSTOR}
}

@book{digit_image_Gonzalez,
    title={数字图像处理（第三版）},
    author={Rafael C. Gonzalez，Richard E. Woods},
    publisher={电子工业出版社},
    year={2011.6}
}

@book{signal_and_system,
    title={信号与系统（第二版）},
    author={Alan V. Oppenheim，Ronald W. Schafer，刘树棠\ 译},
    publisher={电子工业出版社},
    year={2013.01}
}

@book{discrete-time_signal_processing,
    title={离散时间信号处理（第三版）},
    author={Alan V. Oppenheim，Ronald W. Schafer，黄建国\ 刘树棠 张国梅\ 译},
    publisher={电子工业出版社},
    year={2015.01}
}

