@book{data_structure,
    title={数据结构（c++语言版）},
    author={邓俊辉},
    publisher={清华大学出版社}
}


@article{yang2017浅析当代民歌艺术,
  title={浅析当代民歌艺术面临的现状及对发展的思考},
  author={杨柳絮 },
  journal={北方音乐},
  year={2017}
}

@article{yu1994给中国民歌下个定义,
  title={给中国民歌下个定义？（下）},
  author={余咏宇 },
  journal={武汉音乐学院学报},
  year={1994(04)}
}

@article{ge2017中国民歌唱法的现状,
  title={中国民歌唱法的现状及发展探析},
  author={葛丽英},
  journal={戏剧之家},
  year={2017(09)}
}